<?xml version="1.0" encoding="utf-8"?>
<record xmlns="http://www.loc.gov/MARC21/slim" xmlns:xsi="http://www.w3.org/2001/XMLSchema-instance" xsi:schemaLocation="http://www.loc.gov/MARC21/slim http://www.loc.gov/standards/marcxml/schema/MARC21slim.xsd">
	<leader>     nam a22        4500</leader>
	<controlfield tag="001">4744092</controlfield>
	<controlfield tag="003">NIC</controlfield>
	<controlfield tag="006">m        d        </controlfield>
	<controlfield tag="007">cr cn |||m|||a</controlfield>
	<controlfield tag="008">160323s1898    ua      o     000 0 arao </controlfield>
	<datafield ind1=" " ind2=" " tag="040">
		<subfield code="a">NNU</subfield>
		<subfield code="b">eng</subfield>
		<subfield code="e">rda</subfield>
		<subfield code="c">NNU</subfield>
	</datafield>
	<datafield ind1=" " ind2=" " tag="043">
		<subfield code="a">f-ua---</subfield>
	</datafield>
	<datafield ind1="0" ind2="0" tag="050">
		<subfield code="a">HD1206.E3</subfield>
		<subfield code="b">I2</subfield>
	</datafield>
	<datafield ind1="1" ind2=" " tag="100">
		<subfield code="6">880-01</subfield>
		<subfield code="a">Ibn al-Jīʻān, Yaḥyā ibn al-Maqarr,</subfield>
		<subfield code="d">-1480.</subfield>
	</datafield>
	<datafield ind1="1" ind2="0" tag="240">
		<subfield code="6">880-02</subfield>
		<subfield code="a">tuḥfah al-sanīyah bi-asmāʼ al-bilād al-Miṣrīyah</subfield>
	</datafield>
	<datafield ind1="1" ind2="0" tag="245">
		<subfield code="6">880-03</subfield>
		<subfield code="a">Kitāb al-tuḥfah al-sanīyah bi-asmāʼ al-bilād al-Miṣrīyah,</subfield>
		<subfield code="c">jamʻ Sharaf al-Dīn Yaḥyá ibn al-Maqarr ibn al-Jīʻān.</subfield>
	</datafield>
	<datafield ind1=" " ind2=" " tag="260">
		<subfield code="6">880-04</subfield>
		<subfield code="a">al-Qāhirah :</subfield>
		<subfield code="b">al-Maṭbaʻah al-Ahlīyah,</subfield>
		<subfield code="c">1898.</subfield>
	</datafield>
	<datafield ind1=" " ind2=" " tag="300">
		<subfield code="a">online resource (196, 71, iv pages.)</subfield>
	</datafield>
	<datafield ind1=" " ind2=" " tag="336">
		<subfield code="a">text</subfield>
		<subfield code="2">rdacontent</subfield>
	</datafield>
	<datafield ind1=" " ind2=" " tag="337">
		<subfield code="a">computer</subfield>
		<subfield code="2">rdamedia</subfield>
	</datafield>
	<datafield ind1=" " ind2=" " tag="338">
		<subfield code="a">online resource</subfield>
		<subfield code="2">rdacarrier</subfield>
	</datafield>
	<datafield ind1="1" ind2=" " tag="490">
		<subfield code="a">Publications de la Bibliothèque khédiviale ;</subfield>
		<subfield code="v">v. 10</subfield>
	</datafield>
	<datafield ind1=" " ind2=" " tag="500">
		<subfield code="a">Preface, in French, signed by the editor, B. Moritz.</subfield>
	</datafield>
	<datafield ind1=" " ind2=" " tag="500">
		<subfield code="a">Part of the Arabic Collections Online (ACO) project, contributed by Cornell University Libraries.</subfield>
	</datafield>
	<datafield ind1=" " ind2=" " tag="533">
		<subfield code="a">Electronic reproduction.</subfield>
		<subfield code="b">New York, N.Y. :</subfield>
		<subfield code="c">New York University,</subfield>
		<subfield code="d">2016.</subfield>
		<subfield code="5">NNU</subfield>
	</datafield>
	<datafield ind1=" " ind2="0" tag="650">
		<subfield code="a">Cadastres</subfield>
		<subfield code="z">Egypt.</subfield>
	</datafield>
	<datafield ind1=" " ind2="7" tag="650">
		<subfield code="a">Cadastres.</subfield>
		<subfield code="2">fast</subfield>
		<subfield code="0">(OCoLC)fst00843711</subfield>
	</datafield>
	<datafield ind1=" " ind2="7" tag="651">
		<subfield code="a">Egypt.</subfield>
		<subfield code="2">fast</subfield>
		<subfield code="0">(OCoLC)fst01208755</subfield>
	</datafield>
	<datafield ind1="1" ind2=" " tag="700">
		<subfield code="a">Moritz, B.</subfield>
		<subfield code="q">(Bernhard),</subfield>
		<subfield code="d">1859-1939.</subfield>
	</datafield>
	<datafield ind1="2" ind2=" " tag="710">
		<subfield code="a">Cornell University.</subfield>
		<subfield code="b">Libraries.</subfield>
	</datafield>
	<datafield ind1="0" ind2=" " tag="730">
		<subfield code="a">Arabic Collections Online.</subfield>
	</datafield>
	<datafield ind1="0" ind2=" " tag="740">
		<subfield code="6">880-05</subfield>
		<subfield code="a">tuḥfah al-sanīyah bi-asmāʼ al-bilād al-Miṣrīyah.</subfield>
	</datafield>
	<datafield ind1="0" ind2="8" tag="776">
		<subfield code="i">Online version:</subfield>
		<subfield code="a">Ibn al-Jīʻān, Yaḥyā ibn al-Maqarr, -1480.</subfield>
		<subfield code="t">Kitāb al-tuḥfah al-sanīyah bi-asmāʼ al-bilād al-Miṣrīyah.</subfield>
		<subfield code="d">al-Qāhirah, al-Maṭbaʻah al-Ahlīyah, 1898</subfield>
		<subfield code="w">(OCoLC)581333988</subfield>
	</datafield>
	<datafield ind1="0" ind2="8" tag="776">
		<subfield code="i">Print version:</subfield>
		<subfield code="a">Ibn al-Jīʻān, Yaḥyā ibn al-Maqarr, -1480.</subfield>
		<subfield code="t">Kitāb al-tuḥfah al-sanīyah bi-asmāʼ al-bilād al-Miṣrīyah</subfield>
		<subfield code="w">(NIC)4744092</subfield>
		<subfield code="w">(DLC) 59039729 </subfield>
		<subfield code="w">(OCoLC)14254136</subfield>
	</datafield>
	<datafield ind1=" " ind2="0" tag="830">
		<subfield code="a">Publications de la Bibliothèque khédiviale ;</subfield>
		<subfield code="v">v. 10.</subfield>
	</datafield>
	<datafield ind1="4" ind2="0" tag="856">
		<subfield code="u">http://hdl.handle.net/2333.1/dfn2z6dh</subfield>
	</datafield>
	<datafield ind1="1" ind2=" " tag="880">
		<subfield code="6">100-01</subfield>
		<subfield code="a">ابن الجيعان، يحيى ا بن المقر،</subfield>
		<subfield code="d">-1480.</subfield>
	</datafield>
	<datafield ind1="1" ind2="0" tag="880">
		<subfield code="6">240-02</subfield>
		<subfield code="a">تحفة السينية بأسماء البلاد المصرية</subfield>
	</datafield>
	<datafield ind1="1" ind2="0" tag="880">
		<subfield code="6">245-03</subfield>
		<subfield code="a">كتاب التحفة السنية بأسماء البلاد المصرية /</subfield>
		<subfield code="c">جمع شرف الدين يحيى بن المقر بن جيعان.</subfield>
	</datafield>
	<datafield ind1=" " ind2=" " tag="880">
		<subfield code="6">260-04</subfield>
		<subfield code="a">القاهرة :</subfield>
		<subfield code="b">المكتبة الأهلية،</subfield>
		<subfield code="c">1898.</subfield>
	</datafield>
	<datafield ind1="0" ind2=" " tag="880">
		<subfield code="6">740-05</subfield>
		<subfield code="a">تحفة السنية بأسماء البلاد المصرية.</subfield>
	</datafield>
	<datafield ind1=" " ind2=" " tag="959">
		<subfield code="a">NNU</subfield>
		<subfield code="b">WEB</subfield>
		<subfield code="c">GENI</subfield>
		<subfield code="t">0</subfield>
		<subfield code="m">Electronic access</subfield>
		<subfield code="s">01</subfield>
	</datafield>
	<datafield ind1=" " ind2=" " tag="999">
		<subfield code="i">NIC_4744092</subfield>
		<subfield code="o">(OCoLC)ocm14254136</subfield>
		<subfield code="s">cornell_aco000416</subfield>
		<subfield code="e">(ERROR-880)</subfield>
		<subfield code="s">cornell_aco000416</subfield>
	</datafield>
</record>
